@article{Gruber1995,
    title = {{Toward principles for the design of ontologies used for knowledge sharing?}},
    year = {1995},
    journal = {International Journal of Human-Computer Studies},
    author = {Gruber, Thomas R.},
    number = {5-6},
    pages = {907--928},
    volume = {43},
    url = {http://linkinghub.elsevier.com/retrieve/pii/S1071581985710816},
    isbn = {10715819},
    doi = {10.1006/ijhc.1995.1081},
    issn = {10715819},
    pmid = {15648861},
    arxivId = {math/0701907v3},
    keywords = {knowledge interchange format, knowledge sharing, measurement theory, ontological commitment, ontology, ontology design}
}

@misc{bhardwaj2023peregrine,
      title={Peregrine: Sequential simulation-based inference for gravitational wave signals}, 
      author={Uddipta Bhardwaj and James Alvey and Benjamin Kurt Miller and Samaya Nissanke and Christoph Weniger},
      year={2023},
      eprint={2304.02035},
      archivePrefix={arXiv},
      primaryClass={gr-qc}
}

@misc{alvey2023things,
      title={What to do when things get crowded? Scalable joint analysis of overlapping gravitational wave signals}, 
      author={James Alvey and Uddipta Bhardwaj and Samaya Nissanke and Christoph Weniger},
      year={2023},
      eprint={2308.06318},
      archivePrefix={arXiv},
      primaryClass={gr-qc}
}

@article{Miller2022, doi = {10.21105/joss.04205}, url = {https://doi.org/10.21105/joss.04205}, year = {2022}, publisher = {The Open Journal}, volume = {7}, number = {75}, pages = {4205}, author = {Benjamin Kurt Miller and Alex Cole and Christoph Weniger and Francesco Nattino and Ou Ku and Meiert W. Grootes}, title = {swyft: Truncated Marginal Neural Ratio Estimation in Python}, journal = {Journal of Open Source Software} }